@mastersthesis{lekven2017verification,
  title={Verification of a Cartesian grid method for compressible flow over moving structures},
  author={Lekven, Morten Lyssand},
  year={2017},
  school={NTNU}
}
