@article{coco2011finite,
  title={A Finite Difference Ghost-cell Multigrid approach for Poisson Equation with mixed Boundary Conditions in Arbitrary Domain},
  author={Coco, Armando and Russo, Giovanni},
  journal={arXiv preprint arXiv:1111.0983},
  year={2011}
}

@article{helgadottir2015imposing,
  title={Imposing mixed Dirichlet--Neumann--Robin boundary conditions in a level-set framework},
  author={Helgad{\'o}ttir, {\'A}sd{\'\i}s and Ng, Yen Ting and Min, Chohong and Gibou, Fr{\'e}d{\'e}ric},
  journal={Computers \& Fluids},
  volume={121},
  pages={68--80},
  year={2015},
  publisher={Elsevier}
}

@article{cheng2005heritage,
  title={Heritage and early history of the boundary element method},
  author={Cheng, Alexander H-D and Cheng, Daisy T},
  journal={Engineering Analysis with Boundary Elements},
  volume={29},
  number={3},
  pages={268--302},
  year={2005},
  publisher={Elsevier}
}

@unpublished{Donovan2017,
author = {Donovan, Katya},
file = {:Users/bogdanvitoc/Downloads/Lin{\_}II{\_}Final.pdf:pdf},
number = {December},
pages = {1--8},
title = {{Examining Air Flow around a Cylinder}},
url = {https://drive.google.com/file/d/1DQr2NhFleutVF-HaHQpKX-SQuHO9A2NW/view},
year = {2017}
}
